@inproceedings{dearman2012evaluating,
  title={Evaluating the implicit acquisition of second language vocabulary using a live wallpaper},
  author={Dearman, David and Truong, Khai},
  booktitle={Proceedings of the SIGCHI Conference on Human Factors in Computing Systems},
  pages={1391--1400},
  year={2012},
  organization={ACM}
}

@article{pradhan2014can,
  title={Can smartwatch help users save time by making processes efficient and easier},
  author={Pradhan, Dipesh and Sujatmiko, Nugroho},
  journal={Master's thesis. University of Oslo},
  volume={18},
  year={2014}
}

@book{thornbury2006teach,
  title={How to teach vocabulary},
  author={Thornbury, Scott},
  year={2006},
  publisher={Pearson Education India}
}

@book{nation2001learning,
  title={Learning vocabulary in another language},
  author={Nation, Ian SP},
  year={2001},
  publisher={Ernst Klett Sprachen}
}

@article{anderson1928learning,
  title={Learning and retention of Latin words and phrases.},
  author={Anderson, JP and Jordan, AM},
  journal={Journal of Educational Psychology},
  volume={19},
  number={7},
  pages={485},
  year={1928},
  publisher={Warwick \& York}
}

@article{nation1982beginning,
  title={Beginning to learn foreign vocabulary: A review of the research},
  author={Nation, IS Paul},
  journal={RELC journal},
  volume={13},
  number={1},
  pages={14--36},
  year={1982},
  publisher={Sage Publications}
}

@article{marti2013platform,
  title={A Platform for Second Language Acquisition Through Free Reading and Repetition},
  author={Marti, Simon},
  journal={University of Berne},
  year={2013}
}

@article{giehl2015zeeguu,
  title={Zeeguu Translate Application},
  author={Giehl, Pascal and Nierstrasz, Oscar and Lungu, Mircea},
  journal={University of Berne},
  year={2015},
  publisher={Citeseer}
}

@article{oosterhof2016zeeguuios,
  title={Making reading in a second language more enjoyable},
  author={Oosterhof, Jorrit and Lungu, Mircea and Digkas, George},
  journal={University of Groningen},
  year={2015},
  publisher={University of Groningen}
}

@inproceedings{dearman2012evaluating,
  title={Evaluating the implicit acquisition of second language vocabulary using a live wallpaper},
  author={Dearman, David and Truong, Khai},
  booktitle={Proceedings of the SIGCHI Conference on Human Factors in Computing Systems},
  pages={1391--1400},
  year={2012},
  organization={ACM}
}

@article{kim2016analysis,
  title={An Analysis of the Effects of Smartphone Push Notifications on Task Performance with regard to Smartphone Overuse Using ERP},
  author={Kim, Seul-Kee and Kim, So-Yeong and Kang, Hang-Bong},
  journal={Computational Intelligence and Neuroscience},
  volume={2016},
  year={2016},
  publisher={Hindawi Publishing Corporation}
}